<record><leader>00000cas a22000007a 4500</leader><controlfield tag="001">13574572</controlfield><controlfield tag="008">860515d18971918wiuwr ne      0    0eng d</controlfield><datafield ind1=" " ind2=" " tag="010"><subfield code="a">sn 86086217 </subfield></datafield><datafield ind1=" " ind2=" " tag="040"><subfield code="a">NPV</subfield><subfield code="b">eng</subfield><subfield code="c">NPV</subfield><subfield code="d">OCLCQ</subfield><subfield code="d">CRL</subfield><subfield code="d">OCLCQ</subfield></datafield><datafield ind1=" " ind2=" " tag="042"><subfield code="a">msc</subfield></datafield><datafield ind1=" " ind2=" " tag="043"><subfield code="a">n-us-wi</subfield></datafield><datafield ind1=" " ind2=" " tag="045"><subfield code="a">w9x1</subfield></datafield><datafield ind1=" " ind2=" " tag="052"><subfield code="a">4123</subfield><subfield code="b">E2</subfield></datafield><datafield ind1="0" ind2=" " tag="130"><subfield code="a">Fairchild observer (Fairchild, Wis. :1897)</subfield></datafield><datafield ind1="1" ind2="4" tag="245"><subfield code="a">The Fairchild observer.</subfield></datafield><datafield ind1=" " ind2=" " tag="260"><subfield code="a">Fairchild, Wis. :</subfield><subfield code="b">A.C. Harmon,</subfield><subfield code="c">-1918.</subfield></datafield><datafield ind1=" " ind2=" " tag="300"><subfield code="a">v. :</subfield><subfield code="b">ill.</subfield></datafield><datafield ind1=" " ind2=" " tag="310"><subfield code="a">Weekly</subfield></datafield><datafield ind1="0" ind2=" " tag="362"><subfield code="a">-v. 21, no. 41 (Oct. 10, 1918).</subfield></datafield><datafield ind1="1" ind2=" " tag="362"><subfield code="a">Began with Dec. 23, 1897 issues.</subfield><subfield code="z">Cf. Oehlerts, d. E. Guide to Wis. newspapers.</subfield></datafield><datafield ind1=" " ind2=" " tag="500"><subfield code="a">Publisher varies.</subfield></datafield><datafield ind1=" " ind2=" " tag="525"><subfield code="a">Supplements accompany some issues.</subfield></datafield><datafield ind1=" " ind2=" " tag="530"><subfield code="a">Available on microfilm from The State Historical Society of Wisconsin.</subfield></datafield><datafield ind1=" " ind2=" " tag="580"><subfield code="a">Merged with: Augusta eagle and Fall Creek journal, to form: Cooperative news-budget.</subfield></datafield><datafield ind1=" " ind2=" " tag="588"><subfield code="a">Description based on: Vol. 8, no. 34 (Aug. 3, 1905).</subfield></datafield><datafield ind1=" " ind2="0" tag="651"><subfield code="a">Fairchild (Wis.)</subfield><subfield code="v">Newspapers.</subfield></datafield><datafield ind1=" " ind2=" " tag="752"><subfield code="a">United States</subfield><subfield code="b">Wisconsin</subfield><subfield code="c">Eau Claire</subfield><subfield code="d">Fairchild.</subfield></datafield><datafield ind1="1" ind2="7" tag="785"><subfield code="t">Fall Creek journal</subfield><subfield code="w">(DLC)sn 86086218</subfield><subfield code="w">(OCoLC)13576397</subfield></datafield><datafield ind1="1" ind2="7" tag="785"><subfield code="t">Eagle (Augusta, Wis.)</subfield><subfield code="w">(DLC)sn 86086215</subfield><subfield code="w">(OCoLC)13574484</subfield></datafield><datafield ind1="1" ind2="7" tag="785"><subfield code="t">Coo&#776;perative news-budget</subfield><subfield code="w">(DLC)sn 86086213</subfield><subfield code="w">(OCoLC)13574211</subfield></datafield><datafield ind1="1" ind2=" " tag="029"><subfield code="a">AU@</subfield><subfield code="b">000023535853</subfield></datafield></record>